%--------------------------------------------------------------------%
%
% Title         : Postgraduate Thesis LaTex template
% Author        : Ravi Vendra Rishika <ravi.vendra.rishika@gmail.com>
%
% Page          : Bibliography
%
% It is developed especially for postgraduate students of :
%   Department of Informatics
%   Faculty of Intelligent Electrical and Informatics Technology
%   Sepuluh Nopember Institute of Technology (ITS)
%   Surabaya, Indonesia.
%
% This LaTex template is intended to make students easier
% to write master's degree thesis in LaTex using specific
% Department of Informatics of ITS' format.
%
%--------------------------------------------------------------------%

@INPROCEEDINGS{8776857,  
    author={Mehrotra, Anupam},  
    booktitle={2019 International Conference on Automation, Computational and Technology Management (ICACTM)},   
    title={Financial Inclusion Through FinTech â€“ A Case of Lost Focus},   
    year={2019},  
    volume={},  
    number={},  
    pages={103-107},  
    doi={10.1109/ICACTM.2019.8776857}
}
